@misc{bestpract,
	title={OpenACC Programming and Best Practice Guides},
	howpublished="\url{https://www.openacc.org/sites/default/files/inline-files/OpenACC_Programming_Guide_0.pdf}",
	year={2015},
	note="[Online - accessed on August 2020]"
}

@misc{specs,
	title={The OpenACC Programming Interface},
	howpublished="\url{https://www.openacc.org/sites/default/files/inline-images/Specification/OpenACC.3.0.pdf}",
	year={2019},
	note="[Online - accessed on August 2020]"
}

@misc{Wiki:cpu,
	title={Processeur},
	howpublished="\url{https://fr.wikipedia.org/wiki/Processeur}",
	year={2020},
	note="[Online - accesssed on August 2020]"
}

@misc{Wiki:gpu,
	title={Processeur Graphique},
	howpublished="\url{https://fr.wikipedia.org/wiki/Processeur_graphique}",
	year={2020},
	note="[Online - accessed on August 2020]"
}

@misc{Wiki:flops,
	title={FLOPS},
	howpublished="\url{https://fr.wikipedia.org/wiki/FLOPS}",
	year={2020},
	note="[Online - accessed on August 2020]"
}

@misc{Wiki:cuda,
	title={Compute Unified Device Architecture},
	howpublished="\url{https://fr.wikipedia.org/wiki/Compute_Unified_Device_Architecture}",
	year={2020},
	note="[Online - accessed on August 2020]"
}

@misc{Wiki:pci,
	title={PCI},
	howpublished="\url{https://fr.wikipedia.org/wiki/PCI_(informatique)}",
	year={2020},
	note="[Online - Accessed on August 2020]"
}

@misc{Wiki:coeur,
	title={Microprocesseur multi-cœur},
	howpublished="\url{https://fr.wikipedia.org/wiki/Microprocesseur_multi-cœur}",
	year={2020},
	note="[Online - Accessed on August 2020]"
}

@misc{Wiki:paral,
	title={Parallélisme},
	howpublished="\url{https://fr.wikipedia.org/wiki/Parall%C3%A9lisme_(informatique)}",
	year={2020},
	note="[Online - Accessed on August 2020]"
}
