@misc{bestpract,
	author={David Pujadas},
	title={OpenACC Programming and Best Practice Guides},
	howpublished="\url{https://www.openacc.org/sites/default/files/inline-files/OpenACC_Programming_Guide_0.pdf}",
	year={2015},
	note="[Online - accessed on August 2020]"
}

@misc{specs,
	author={David Pujadas},
	title={The OpenACC Programming Interface},
	howpublished="\url{https://www.openacc.org/sites/default/files/inline-images/Specification/OpenACC.3.0.pdf}",
	year={2019},
	note="[Online - accessed on August 2020]"
}

@misc{Wiki:cpu,
	author={David Pujadas},
	title={Processeur},
	howpublished="\url{https://fr.wikipedia.org/wiki/Processeur}",
	year={2020},
	note="[Online - accesssed on August 2020]"
}

@misc{Wiki:gpu,
	author={David Pujadas},
	title={Processeur Graphique},
	howpublished="\url{https://fr.wikipedia.org/wiki/Processeur_graphique}",
	year={2020},
	note="[Online - accessed on August 2020]"
}

@misc{Wiki:flops,
	author={David Pujadas},
	title={FLOPS},
	howpublished="\url{https://fr.wikipedia.org/wiki/FLOPS}",
	year={2020},
	note="[Online - accessed on August 2020]"
}
